<?xml version="1.0" encoding="utf-8"?>
<record xmlns="http://www.loc.gov/MARC21/slim" xmlns:xsi="http://www.w3.org/2001/XMLSchema-instance" xsi:schemaLocation="http://www.loc.gov/MARC21/slim http://www.loc.gov/standards/marcxml/schema/MARC21slim.xsd">
	<leader>
		02138nam a2200349   4500
	</leader>
	<controlfield tag="001">
		002113998
	</controlfield>
	<controlfield tag="003">
		NNU
	</controlfield>
	<controlfield tag="006">
		m        d        
	</controlfield>
	<controlfield tag="007">
		cr cn |||m|||a
	</controlfield>
	<controlfield tag="008">
		160201m18881893ua      ob    000 0 arar 
	</controlfield>
	<datafield ind1=" " ind2=" " tag="040">
		<subfield code="a">
			NNU
		</subfield>
		<subfield code="b">
			eng
		</subfield>
		<subfield code="c">
			NNU
		</subfield>
	</datafield>
	<datafield ind1=" " ind2="0" tag="050">
		<subfield code="a">
			Z965
		</subfield>
		<subfield code="b">
			.C1373
		</subfield>
	</datafield>
	<datafield ind1=" " ind2=" " tag="066">
		<subfield code="c">
			(3
		</subfield>
	</datafield>
	<datafield ind1=" " ind2=" " tag="090">
		<subfield code="a">
			Z965
		</subfield>
		<subfield code="b">
			.C1373
		</subfield>
	</datafield>
	<datafield ind1="2" ind2=" " tag="110">
		<subfield code="6">
			880-01
		</subfield>
		<subfield code="a">
			Dār al-Kutub al-Miṣrīyah.
		</subfield>
	</datafield>
	<datafield ind1="1" ind2="0" tag="245">
		<subfield code="6">
			880-02
		</subfield>
		<subfield code="a">
			Fihrist al-kutub al-ʻarabīyah al-maḥfūẓah bi-al-Kutubkhānah al-Khidīwīyah
		</subfield>
		<subfield code="h">
			[electronic resource].
		</subfield>
	</datafield>
	<datafield ind1=" " ind2=" " tag="260">
		<subfield code="6">
			880-03
		</subfield>
		<subfield code="a">
			Miṣr
		</subfield>
		<subfield code="b">
			[Maṭbaʻat ʻUthmān ʻAbd al-Rāziq],
		</subfield>
		<subfield code="c">
			1305-1311 [1888-93]
		</subfield>
	</datafield>
	<datafield ind1=" " ind2=" " tag="300">
		<subfield code="a">
			online resource (7 v. in 8.)
		</subfield>
	</datafield>
	<datafield ind1=" " ind2=" " tag="500">
		<subfield code="a">
			Vol. 1, originally compiled by Ḥasanayn Muḥammad, was revised by members of the Library staff; v. 2-4 were compiled by Aḥmad al-a̤yhī and Muḥammad al-Biblāwī, v. 5 by K. Vollers and Ibrāhīm ʻIṣmat, v. 6 by Ibrāhīm ʻIṣmat, Maḥmūd Tawfīq, Muḥammad al-Biblāwī and Aḥmad al-Mayhī, v. 7 by members of the staff.
		</subfield>
	</datafield>
	<datafield ind1=" " ind2=" " tag="500">
		<subfield code="a">
			Vol. 1: ṭabʻah 2; v. 2-7: ṭabʻah 1.
		</subfield>
	</datafield>
	<datafield ind1=" " ind2=" " tag="500">
		<subfield code="a">
			Part of the Arabic Collections Online (ACO) project, contributed by New York Univeristy Libraries.
		</subfield>
	</datafield>
	<datafield ind1=" " ind2=" " tag="533">
		<subfield code="a">
			Electronic reproduction.
		</subfield>
		<subfield code="b">
			New York, N.Y. :
		</subfield>
		<subfield code="c">
			New York University,
		</subfield>
		<subfield code="d">
			2016.
		</subfield>
		<subfield code="5">
			NNU
		</subfield>
	</datafield>
	<datafield ind1=" " ind2="0" tag="650">
		<subfield code="a">
			Arabic literature
		</subfield>
		<subfield code="v">
			Bibliography
		</subfield>
		<subfield code="v">
			Catalogs.
		</subfield>
	</datafield>
	<datafield ind1="2" ind2=" " tag="710">
		<subfield code="a">
			New York University.
		</subfield>
		<subfield code="b">
			Libraries.
		</subfield>
	</datafield>
	<datafield ind1="0" ind2=" " tag="730">
		<subfield code="a">
			Arabic Collections Online.
		</subfield>
	</datafield>
	<datafield ind1="0" ind2="8" tag="776">
		<subfield code="i">
			Print version:
		</subfield>
		<subfield code="a">
			Dār al-Kutub al-Miṣrīyah.
		</subfield>
		<subfield code="t">
			Fihrist al-kutub al-ʻarabīyah al-maḥfūẓah bi-al-Kutubkhānah al-Khidīwīyah
		</subfield>
		<subfield code="w">
			(NNU)002113998
		</subfield>
		<subfield code="w">
			(DLC)59039749
		</subfield>
	</datafield>
	<datafield ind1="4" ind2="0" tag="856">
		<subfield code="u">
			http://hdl.handle.net/2333.1/jwstqnvm
		</subfield>
	</datafield>
	<datafield ind1="0" ind2=" " tag="880">
		<subfield code="6">
			110-01/
		</subfield>
		<subfield code="a">
			دار الكتب المصرية.
		</subfield>
	</datafield>
	<datafield ind1="1" ind2="0" tag="880">
		<subfield code="6">
			245-02/
		</subfield>
		<subfield code="a">
			فهرست الكتب العربية المحفوظة بالكتبخانه الخديويه.
		</subfield>
	</datafield>
	<datafield ind1=" " ind2=" " tag="880">
		<subfield code="6">
			260-03/
		</subfield>
		<subfield code="a">
			مصر
		</subfield>
		<subfield code="b">
			[مطبعة عثمان عبد الرازق]،
		</subfield>
		<subfield code="c">
			١٣٠٥-١٣١١.
		</subfield>
	</datafield>
	<datafield ind1=" " ind2=" " tag="959">
		<subfield code="a">
			NNU
		</subfield>
		<subfield code="b">
			WEB
		</subfield>
		<subfield code="c">
			GENI
		</subfield>
		<subfield code="t">
			0
		</subfield>
		<subfield code="m">
			Electronic access
		</subfield>
		<subfield code="s">
			01
		</subfield>
	</datafield>
	<datafield ind1=" " ind2=" " tag="999">
		<subfield code="i">
			NNU_002113998
		</subfield>
		<subfield code="s">
			nyu_aco001610:v.1
		</subfield>
		<subfield code="s">
			nyu_aco001611:v.2
		</subfield>
		<subfield code="s">
			nyu_aco001612:v.3
		</subfield>
		<subfield code="s">
			nyu_aco001613:v.4
		</subfield>
		<subfield code="s">
			nyu_aco001614:v.5
		</subfield>
		<subfield code="s">
			nyu_aco001615:v.6
		</subfield>
		<subfield code="s">
			nyu_aco001616:v.7:pt.1
		</subfield>
		<subfield code="s">
			nyu_aco001617:v.7:pt.2
		</subfield>
	</datafield>
</record>
